
\emergencystretch=1em
@book{Chartrand:2010:GDF:1941879,
 author = {Chartrand, Gary and Lesniak, Linda and Zhang, Ping},
 title = {Graphs \& Digraphs, Fifth Edition},
 year = {2010},
 isbn = {1439826277, 9781439826270},
 edition = {5th},
 publisher = {Chapman \& Hall/CRC},
} 

@article{DBLP:journals/dam/ChartrandEJO00,
  author    = {Gary Chartrand and
               Linda Eroh and
               Mark A. Johnson and
               Ortrud Oellermann},
  title     = {Resolvability in graphs and the metric dimension of a graph},
  journal   = {Discrete Applied Mathematics},
  volume    = {105},
  number    = {1-3},
  pages     = {99--113},
  year      = {2000},
  url       = {http://dx.doi.org/10.1016/S0166-218X(00)00198-0},
  doi       = {10.1016/S0166-218X(00)00198-0},
  timestamp = {Thu, 18 Aug 2011 16:29:13 +0200},
  biburl    = {http://dblp.uni-trier.de/rec/bib/journals/dam/ChartrandEJO00},
  bibsource = {dblp computer science bibliography, http://dblp.org}
}
@article{DBLP:journals/dm/BrighamCDZ05,
  author    = {Robert C. Brigham and
               Gary Chartrand and
               Ronald D. Dutton and
               Ping Zhang},
  title     = {On the dimension of trees},
  journal   = {Discrete Mathematics},
  volume    = {294},
  number    = {3},
  pages     = {279--283},
  year      = {2005},
  url       = {http://dx.doi.org/10.1016/j.disc.2004.11.013},
  doi       = {10.1016/j.disc.2004.11.013},
  timestamp = {Mon, 14 Dec 2009 10:55:41 +0100},
  biburl    = {http://dblp.uni-trier.de/rec/bib/journals/dm/BrighamCDZ05},
  bibsource = {dblp computer science bibliography, http://dblp.org}
}