
@book {Barnsley,
    AUTHOR = {Barnsley, Michael},
     TITLE = {Fractals everywhere},
 PUBLISHER = {Academic Press, Inc., Boston, MA},
      YEAR = {1988},
     PAGES = {xii+396},
      ISBN = {0-12-079062-9},
   MRCLASS = {58F11 (00A05 26A18 28A75 58-01 58F08 58F15 65C99)},
  MRNUMBER = {977274 (90e:58080)},
MRREVIEWER = {Jaroslav Stark},
}

@book {Davidson,
    AUTHOR = {Davidson, Kenneth R. and Donsig, Allan P.},
     TITLE = {Real analysis and applications},
    SERIES = {Undergraduate Texts in Mathematics},
      NOTE = {Theory in practice},
 PUBLISHER = {Springer, New York},
      YEAR = {2010},
     PAGES = {xii+513},
      ISBN = {978-0-387-98097-3},
   MRCLASS = {26-01},
  MRNUMBER = {2568574 (2010i:26002)},
       DOI = {10.1007/978-0-387-98098-0},
       URL = {http://dx.doi.org/10.1007/978-0-387-98098-0},
}

@book {Devaney,
    AUTHOR = {Devaney, Robert L.},
     TITLE = {A first course in chaotic dynamical systems},
    SERIES = {Addison-Wesley Studies in Nonlinearity},
 PUBLISHER = {Addison-Wesley Publishing Company, Advanced Book Program,
              Reading, MA},
      YEAR = {1992},
     PAGES = {xiv+302},
      ISBN = {0-201-55406-2},
   MRCLASS = {58F13 (28A80 58-01 58F03)},
  MRNUMBER = {1202237 (94a:58124)},
MRREVIEWER = {Frederick R. Marotto},
}

@book {Elaydi,
    AUTHOR = {Elaydi, Saber N.},
     TITLE = {Discrete chaos},
 PUBLISHER = {Chapman \& Hall/CRC, Boca Raton, FL},
      YEAR = {2000},
     PAGES = {xiv+355},
      ISBN = {1-58488-002-3},
   MRCLASS = {37-01 (37D45 37Exx)},
  MRNUMBER = {1737407 (2002b:37001)},
}

@book {Apostol,
    AUTHOR = {Apostol, Tom M.},
     TITLE = {Mathematical analysis},
   EDITION = {Second},
 PUBLISHER = {Addison-Wesley Publishing Co., Reading, Mass.-London-Don
              Mills, Ont.},
      YEAR = {1974},
     PAGES = {xvii+492},
   MRCLASS = {26-01 (28-01)},
  MRNUMBER = {0344384 (49 \#9123)},
}


@article{Bonanno,
    AUTHOR = {Bonanno, C. and Isola, S.},
    TITLE  = {Orderings of the Rationals and Dynamical Systems},
   JOURNAL = {Colloquium Mathematicum},
    VOLUME = {116},
    NUMBER = {2},
     PAGES = {165--189},
      YEAR = {2009},
}
